% This file was created with JabRef 2.10.
% Encoding: Cp1252

@TechReport{imt_above_6GH,
  Title                    = {Report {ITU-R} M.2376-0 - Technical feasibility of {IMT} in bands above 6 {G}Hz},
  Author                   = {ITU-R},
  Institution              = {ITU},
  Year                     = {2015},

  Owner                    = {gppcom},
  Timestamp                = {2018.03.27}
}

@Electronic{3gpp_workplan,
  Title                    = {Plano de trabalho do 3GPP (3GPP List of Work Items) - http://www.3gpp.org/DynaReport/WI-List.htm},
  Author                   = {{3GPP}},
  Url                      = {http://www.3gpp.org/DynaReport/WI-List.htm},
  Year                     = {2016},

  Owner                    = {Vicente Sousa},
  Timestamp                = {2016.04.05}
}

@Standard{3GPP_TR36_889,
  Title                    = {TR 36.889: Feasibility Study on Licensed-Assisted Access to Unlicensed Spectrum ({R}elease 13)},
  Institution              = {The 3rd Generation Partnership Project},
  Organization             = {The 3rd Generation Partnership Project},
  Author                   = {{3GPP}},
  Year                     = {2015},

  Owner                    = {Vicente Sousa},
  Timestamp                = {2016.04.05}
}

@Standard{TS36423,
  Title                    = {TS 36.423: {LTE} {E-UTRAN} {X2} Application Protocol ({X2AP}), ({R}elease 10)},
  Institution              = {The 3rd Generation Partnership Project},
  Organization             = {The 3rd Generation Partnership Project},
  Author                   = {{3GPP}},
  Year                     = {2011},

  Owner                    = {Vicente Sousa},
  Timestamp                = {2016.04.05}
}

@Article{paper_fuad_MegMEow,
  Title                    = {Enabling the coexistence of {LTE} and Wi-Fi in unlicensed bands},
  Author                   = {F. M. Abinader and E. P. L. Almeida and F. S. Chaves and A. M. Cavalcante and R. D. Vieira and R. C. D. Paiva and A. M. Sobrinho and S. Choudhury and E. Tuomaala and K. Doppler and V. A. Sousa},
  Journal                  = {IEEE Communications Magazine},
  Year                     = {2014},

  Month                    = {Nov},
  Number                   = {11},
  Pages                    = {54-61},
  Volume                   = {52},

  Doi                      = {10.1109/MCOM.2014.6957143},
  ISSN                     = {0163-6804}
}

@InProceedings{paper_erika_2013,
  Title                    = {Enabling {LTE/WiFi} coexistence by {LTE} blank subframe allocation},
  Author                   = {E. Almeida and A. M. Cavalcante and R. C. D. Paiva and F. S. Chaves and F. M. Abinader and R. D. Vieira and S. Choudhury and E. Tuomaala and K. Doppler},
  Booktitle                = {Communications ({ICC}), 2013 IEEE International Conference on},
  Year                     = {2013},
  Month                    = {June},
  Pages                    = {5083-5088},

  Doi                      = {10.1109/ICC.2013.6655388},
  ISSN                     = {1550-3607}
}

@InCollection{boulic:91,
  Title                    = {3D Hierarchies for Animation},
  Author                   = {R. Boulic and O. Renault},
  Booktitle                = {New Trends in Animation and Visualization},
  Publisher                = {John Wiley {\&} Sons ltd.},
  Year                     = {1991},
  Editor                   = {Nadia Magnenat-Thalmann and Daniel Thalmann}
}

@Standard{ETSI_EN_301_893,
  Title                    = {EN 301 893: Broadband Radio Access Networks ({BRAN}); 5 {G}Hz high performance {RLAN}; Harmonized {EN} covering the essential requirements of article 3.2 of the {R\&TTE} Directive},
  Institution              = {ETSI},
  Organization             = {ETSI},
  Author                   = {{ETSI }},
  Year                     = {2014},

  Owner                    = {Vicente Sousa},
  Timestamp                = {2016.04.05}
}

@Electronic{ieee_specs,
  Title                    = {IEEE 802.11: Wireless LANs - http://standards.ieee.org/about/get/802/802.11.html},
  Author                   = {{IEEE}},
  Url                      = {http://standards.ieee.org/about/get/802/802.11.html},
  Year                     = {2016},

  Owner                    = {Vicente Sousa},
  Timestamp                = {2016.04.05}
}

@Standard{itu_RESOLUTION_229,
  Title                    = {RESOLUTION 229 (Rev. WRC-12): Use of the bands 5 150-5 250, 5 250-5 350 MHz and 5 470-5 725 MHz by the mobile service for the implementation of wireless access systems including radio local area networks},
  Institution              = {{ITU}},
  Author                   = {{ITU}},
  Year                     = {2012},

  Owner                    = {Vicente Sousa},
  Timestamp                = {2016.04.06}
}

@Book{knuth:84,
  Title                    = {The {\TeX} Book},
  Author                   = {Donald E. Knuth},
  Publisher                = {Addison-Wesley},
  Year                     = {1984},
  Edition                  = {15th}
}

@TechReport{RP_152233,
  Title                    = {{RP}-151866: {W}ork Item on {L}icensed-{A}ssisted {A}ccess to {U}nlicensed {S}pectrum ({TSG} {RAN} meeting 70)},
  Author                   = {Havish Koorapaty},
  Institution              = {{3GPP}},
  Year                     = {2015},

  Owner                    = {Vicente Sousa},
  Timestamp                = {2016.04.05}
}

@Electronic{ns3,
  Title                    = {ns-3 website (http://code.nsnam.org/)},
  Author                   = {{ns-3}},
  Url                      = {http://code.nsnam.org/},
  Year                     = {2018},

  Owner                    = {Vicente Sousa},
  Timestamp                = {2017.04.17}
}

@Electronic{ns3_laa,
  Title                    = {P치gina do projeto License-Assisted Access do ns-3 (https://www.nsnam.org/wiki/LAA-WiFi-Coexistence)},
  Author                   = {{ns-3}},
  Url                      = {https://www.nsnam.org/wiki/LAA-WiFi-Coexistence},
  Year                     = {2016},

  Owner                    = {Vicente Sousa},
  Timestamp                = {2016.04.05}
}

@TechReport{ns3_lbt_tech_description,
  Title                    = {{LTE} {LBT} {Wi-Fi} Coexistence Module Documentation ({R}elease ns-3-lbt rev. b48bfc33132b)},
  Author                   = {{ns-3}},
  Year                     = {2016},

  Owner                    = {Vicente Sousa},
  Timestamp                = {2016.04.05},
  Url                      = {https://www.nsnam.org/~tomh/ns-3-lbt-documents/lbt-wifi-coexistence.pdf}
}

@Electronic{ns3_repository,
  Title                    = {P치gina com reposit칩rios do ns-3 (http://code.nsnam.org/)},
  Author                   = {{ns-3}},
  Url                      = {http://code.nsnam.org/},
  Year                     = {2016},

  Owner                    = {Vicente Sousa},
  Timestamp                = {2016.04.05}
}

@TechReport{ns3_tutorial,
  Title                    = {{ns}-3 Tutorial - Release ns-3.25 (https://www.nsnam.org/docs/release/3.25/tutorial/ns-3-tutorial.pdf)},
  Author                   = {{ns-3}},
  Year                     = {2016},

  Owner                    = {Vicente Sousa},
  Timestamp                = {2016.04.05}
}

@TechReport{ns3_ml,
  Title                    = {{ns}-3 Model Library - Release ns-3.23 (https://www.nsnam.org/docs/release/3.23/models/ns-3-model-library.pdf)},
  Author                   = {{ns-3}},
  Year                     = {2016},
  Owner                    = {Vicente Sousa},
  Timestamp                = {2016.04.05}
}

@Electronic{ns3_wiki,
  Title                    = {P치gina principal do projeto {ns}-3  (https://www.nsnam.org/)},
  Author                   = {{ns-3}},
  Url                      = {https://www.nsnam.org/},
  Year                     = {2016},

  Owner                    = {Vicente Sousa},
  Timestamp                = {2016.04.05}
}

@Book{schiller2003mobile,
  Title                    = {Mobile Communications},
  Author                   = {Schiller, J.H.},
  Publisher                = {Addison-Wesley},
  Year                     = {2003},

  ISBN                     = {9780321123817},
  Lccn                     = {20030520}
}

@InCollection{smith:99,
  Title                    = {On the Complexity of Computing},
  Author                   = {A. Smith and B. Jones},
  Booktitle                = {Advances in Computer Science},
  Publisher                = {Publishing Press},
  Year                     = {1999},
  Editor                   = {A. B. Smith-Jones},
  Pages                    = {555--566}
}


@ARTICLE{fcell_suburban_deployement,
  author = {M. Arif and I. M. Yameen and and M. A. Martin},
  title = {Femtocell Suburban Deployment in {LTE} Networks},
  journal = {International Journal of Information and Electronics Engineering},
  year = {2013}
}

@ARTICLE{fcell_system_design_performance_analysis,
  author = {A. Barbieri and A. Damnjanovic and T. Ji and J. Montojo and Y. Wei and D. Malladi},
  title = {{LTE} Femtocells: System Design and Performance Analysis},
  journal = {Vehicular Technology Conference (VTC Spring)},
  year = {2011},
  Doi = {10.1109/VETECS.2011.5956603}
}

@ARTICLE{fcell_survey,
  author = {V. Chandrasekhar, J. G. Andrews, A. Gatherer},
  title = {Femtocell Networks: A Survey},
  journal = {IEEE Communications Magazine},
  year = {2008}
}

@Electronic{ns3_a3_doc,
  Title                    = {{ns3::A3RsrpHandoverAlgorithm} Algorithm Documentation},
  Author                   = {{ns-3}},
  Url                      = {https://www.nsnam.org/doxygen/classns3_1_1_a3_rsrp_handover_algorithm.html},
  Year                     = {2017},
  Owner                    = {Vicente Sousa},
  Timestamp                = {2017.04.15}
}

@Electronic{ns3_a2a4_doc,
  Title                    = {{ns3::A2A4RsrqHandoverAlgorithm} Algorithm Documentation},
  Author                   = {{ns-3}},
  Url                      = {https://www.nsnam.org/doxygen/classns3_1_1_a2_a4_rsrq_handover_algorithm.html},
  Year                     = {2017},
  Owner                    = {Vicente Sousa},
  Timestamp                = {2017.04.15}
}

@Electronic{ns3_rwp_doc,
  Title                    = {{ns3::RandomWaypointMobilityModel} Algorithm Documentation},
  Author                   = {{ns-3}},
  Url                      = {https://www.nsnam.org/doxygen/classns3_1_1_random_waypoint_mobility_model.html},
  Year                     = {2017},
  Owner                    = {Vicente Sousa},
  Timestamp                = {2017.06.10}
}

@ARTICLE{a3_based_measurements_handover_model,
  author = {B. Herman and D. Petrov and J. Puttonen and J. Kurjenniemi},
  title = {{A}3-Based Measurements and Handover Model for NS-3 {LTE}},
  journal = {MOBILITY 2013 : The Third International Conference on Mobile Services, Resources, and Users},
  year = {2013}
}

@Standard{ETSI_EN_136300_136399,
  Title                    = {LTE; E-UTRA and E-UTRAN; Overall description; Stage 2 (release
11)},
  Institution              = {ETSI},
  Organization             = {ETSI},
  Author                   = {{ETSI }},
  Year                     = {2013},
  Owner                    = {Vicente Sousa},
  Timestamp                = {2016.04.05}
}

@Book{het_cellular_networks,
  Title                    = {Heterogeneous Cellular Networks: Theory, Simulation and Deployment},
  Author                   = {X. Chu,D. L칩pez-P칠rez,Y. Yang and F. Gunnarsson},
  Publisher                = {Cambridge University Press},
  Year                     = {2013},
  Edition                  = {1rst}
}

@ARTICLE{chaparro,
  author = {J. C. Chaparro-Marroqu칤n},
  title = {Comparison between measurement events for {LTE} handover in rural and urban scenarios involving femto-cell deployment},
  journal = {Latest Trends on Communications},
  year = {2014}
}

 @ARTICLE{handover_energy_efficient,
  author = {G. Coskun, Ibrahim Hokelek and H. A. Cirpan},
  title = {Energy Efficient Handover in {HetNets} Using {IEEE} 802.21},
  journal = {IEEE International Conference on Distributed Computing in Sensor Systems},
  year = {2014}
}

@Standard{3GPP_TR36_814,
  Title                    = {TR 36.814: Evolved Universal Terrestrial Radio Access (E-UTRA)},
  Institution              = {The 3rd Generation Partnership Project},
  Organization             = {The 3rd Generation Partnership Project},
  Author                   = {{3GPP}},
  Year                     = {2010},

  Owner                    = {Vicente Sousa},
  Timestamp                = {2017.04.17}
}

@Standard{3GPP_R4_092042,
  Title                    = {3GPP R4-092042: Simulation assumptions and parameters for FDD HeNB RF requirements},
  Institution              = {The 3rd Generation Partnership Project},
  Organization             = {The 3rd Generation Partnership Project},
  Author                   = {{3GPP}},
  Year                     = {2009},

  Owner                    = {Vicente Sousa},
  Timestamp                = {2017.04.17}
}

@Standard{3GPP_TS36_331,
  Title                    = {3GPP TS 36.331: E-UTRA Radio Resource Control (RRC) protocol specification},
  Institution              = {The 3rd Generation Partnership Project},
  Organization             = {The 3rd Generation Partnership Project},
  Author                   = {{3GPP}},
  Year                     = {2014},

  Owner                    = {Vicente Sousa},
  Timestamp                = {2017.04.17}
}

@ARTICLE{algoritmos_ns-3,
  author = {B. Herman and N. Baldo and M. Miozzo and M. Requena and J. Ferragut},
  title = {Extensions to {LTE} Mobility Functions for ns-3},
  journal = {Proceedings of the 2014 Workshop on ns-3},
  year = {2014}
}


@Standard{3GPP_TR36_133,
  Title                    = {3GPP TS 36.133: Evolved Universal Terrestrial Radio Access (E-UTRA); Requirements for support of radio resource management},
  Institution              = {The 3rd Generation Partnership Project},
  Organization             = {The 3rd Generation Partnership Project},
  Author                   = {{3GPP}},
  Year                     = {2009},
  Owner                    = {Vicente Sousa},
  Timestamp                = {2017.04.17}
}

@ARTICLE{ns3_baldo_handover_algorithms,
  author = {N. Baldo and G. Coskun and I. Hokelek and H. A. Cirpan},
  title = {An open source model for the simulation of {LTE} handover scenarios and algorithms in ns-3},
  journal = {ACM},
  year = {2013}
}

@ARTICLE{handover_friis_path_loss,
  author = { M. Assyadzily and A. Suhartomo and  A. Silitonga},
  title = {Evaluation of {X}2-Handover Performance Based on {RSRP} Measurement with Friis Path Loss Using Network Simulator version 3 (ns-3)},
  journal = {2014 2nd International Conference on Information and Communication Technology (ICoICT)},
  year = {2014}
}

@ARTICLE{fcells_mobility_management,
  author = {D. Xenakis and  N. Passas and  L. Merakos and  C. Verikoukis},
  title = {Mobility Management for Femtocells in LTE-Advanced: Key Aspects and Survey of Handover Decision Algorithms},
  journal = {IEEE Communications Surveys {\&} Tutorials},
  year = {2014}
}

@ARTICLE{fcells_handover_management,
  author = {Tijane Fatima Zohra BADRI and SAADANE Rachid and Mohammed Wahbi
and Mbarki Samir},
  title = {Handover management scheme in {LTE} femtocell networks},
  journal = {International Journal of Information Technology and Computer Science(IJCSIT)},
  year = {2013}
}

@ARTICLE{fcells_novel_handover_algorithm,
  author = {D. K. Bhargavi and  A. M. Vijaya Prakash},
  title = {A Novel Handover Algorithm for {LTE} Based Macro-Femto Heterogeneous Networks},
  journal = {International Journal of VLSI design {\&} Communication Systems (VLSICS)},
  year = {2015}
}

@ARTICLE{hetnet_handover_management,
  author = {Rejwan Hossain and Ariful Haque Real and Atiqur Rahman},
  title = {Handover management in Heterogenous Network},
  journal = {International Conference on Computer and Information Technology and Computer Science(ICCIT)},
  year = {2015}
}

@Standard{3GPP_TR36_931,
  Title                    = {3GPP TR 36.931: Evolved Universal Terrestrial Radio Access (E-UTRA); Radio Frequency (RF) requirements for {LTE} Pico Node B},
  Institution              = {The 3rd Generation Partnership Project},
  Organization             = {The 3rd Generation Partnership Project},
  Author                   = {{3GPP}},
  Year                     = {2017},
  Owner                    = {Vicente Sousa},
  Timestamp                = {2017.04.20}
}

@ARTICLE{hetnet_mobility_enhancements,
  author = {David L칩pez-P칠rez and I. Guven칞 and Xiaoli Chu},
  title = {Mobility Enhancements for Heterogeneous Networks through Interference Coordination},
  journal = {Workshop on Broadband Femtocell Technologies},
  year = {2012}
}
@ARTICLE{hetnet_coverage_capacity,
  author = {Daehyoung Hong and Seungwoog Choi and Jaeweon Cho},
  title = {Coverage and Capacity Analysis for the Multi-layer {CDMA} Macro/Indoor-Pico Cells},
  journal = {LG Information {\&} Communications},
  year = {1999}
}

@ARTICLE{ref1,
  author = {Z. Ali and N. Baldo and J. Mangues-Bafalluy and L. Giupponio},
  title = {Simulating {LTE} Mobility Management in presence of coverage holes with ns-3},
  journal = {Simulation Tools and Techniques (SIMUTOOLS)},
  year = {2015}
}

@ARTICLE{ref2,
  author = {Z. Ali and N. Baldo and J. Mangues-Bafalluy and L. Giupponio},
  title = {Machine Learning Based Handover Management for Improved QoE in {LTE}},
  journal = {Network Operations and Management Symposium (NOMS)},
  year = {2016}
}

@ARTICLE{a1,
  author = {M. Thakkar and L. Agrawal and A. Rangisetti and B. Tamma},
  title = {Reducing Ping-Pong Handovers in {LTE} by Using A1-Based Measurements},
  journal ={Twenty-third National Conference on Communications (NCC)},
  year = {2017}
}

@ARTICLE{self,
  author = { H. Ferng and  Y. Huang},
  title = {Handover scheme with eNode-B pre-selection and parameter self-optimization for {LTE-A} heterogeneous networks},
  journal ={International Conference on Machine Learning and Cybernetics},
  year = {2016}
}

@ARTICLE{fuzzy1,
  author = {E. Cardoso and K. Silva and R. Franc칡s},
  title = {Intelligent Handover Procedure for Heterogeneous {LTE} Networks using Fuzzy logic},
  journal ={13th International Wireless Communications and Mobile Computing Conference},
  year = {2017}
}

@ARTICLE{fuzzy2,
  author = {M. Saeed and M. El-Ghoneimy and H. Kamal},
  title = {An enhanced fuzzy logic optimization technique based on user mobility for {LTE} handover},
  journal ={34th National Radio Science Conference (NRSC)},
  year = {2017}
}

@ARTICLE{ml1,
  author ={T. Buda and H. Assem and L. Xu and D. Raz and U. Margolin and E. Rosensweig and D. Lopez and M. Corici and M. Smirnov and R. Mullins and O. Uryupina},
  title = {Can Machine Learning aid in delivering new Use cases and Scenarios in {5G}?},
  journal ={1st International Workshop on Management of 5G Networks (5GMan)},
  year = {2016}
}

@ARTICLE{ml2,
  author ={ C. Jiang and H. Zhang and Y. Ren and Z. Han and K. Chen and L. Hanzo},
  title = {Machine Learning Paradigms for Next-Generation Wireless Networks},
  journal ={IEEE Wireless Communications},
  note={24(2), pp.98-105},
  year = {2017}
}

@ARTICLE{nn_tutorial,
  author ={ M. Chen and U. Challita and W. Saad and C. Yin and M. Debbah},
  title = {Machine Learning for Wireless Networks with Artificial Intelligence: A Tutorial on Neural Networks},
  note={arXiv:1710.02913},
  year = {2017}
}

@ARTICLE{scheduling,
  author ={J. Sue and  R. Hasholzner and  J. Brendel and  M. Kleinsteuber and  J. Teich},
  title = {A Binary Time Series Model of {LTE} Scheduling for Machine Learning Prediction},
  journal ={1st International Workshops on Foundations and Applications of Self* Systems},
  year = {2016}
}

@ARTICLE{coexistencia,
  author ={ O. Sallent and  J. P칠rez-Romero and  R. Ferr칰s and  R. Agust칤},
  title = {Learning-based coexistence for {LTE} operation in unlicensed bands},
  journal ={International Conference on Communication Workshop (ICCW)},
  year = {2015}
}

@ARTICLE{qlearning,
  author ={ S. S. Mwanje and L. C. Schmelz and A. Mitschele-Thiel},
  title = {Cognitive Cellular Networks: A Q-Learning Framework for Self-Organizing Networks},
  journal ={IEEE Transactions on Network and Service Management},
  year = {2016}
}
@ARTICLE{autonomous,
  author ={P. Semov and P. Koleva and K. Tonchev and V. Poulkov and A. Mihovska},
  title = {Autonomous learning model for achieving multi cell load balancing capabilities in HetNet},
  journal ={International Black Sea Conference on Communications and Networking (BlackSeaCom)},
  year = {2016}
}
@ARTICLE{nn_hetnet,
  author ={N. M. Alotaibi and S. S. Alwakeel},
  title = {A Neural Network Based Handover Management Strategy for Heterogeneous Networks},
  journal ={14th International Conference on Machine Learning and Applications (ICMLA)},
  year = {2015}
}

@ARTICLE{picocells,
  author ={T. C. B. Guerra and Y. R. Dantas and V. A. Sousa},
  title = {Performance Analysis of Handover Strategies in the 3GPP Small Cell Scenario},
  journal ={The 2017 International Conference On Computational Science And Computational Intelligence ({CSCI-ISMC)}},
  year = {2017}
}

@INPROCEEDINGS{cache, 
author={G. Shen and L. Pei and P. Zhiwen and L. Nan and Y. Xiaohu}, 
booktitle={2017 9th International Conference on Wireless Communications and Signal Processing (WCSP)}, 
title={Machine learning based small cell cache strategy for ultra dense networks}, 
year={2017}, 
volume={}, 
number={}, 
pages={1-6}, 
keywords={cache storage;cellular radio;learning (artificial intelligence);pattern classification;pattern clustering;quality of experience;telecommunication computing;telecommunication traffic;K-means clustering algorithm;SBS;backhaul traffic;cache efficiency problem;cache size;caching contents;cell base stations;content requests;hidden spatio-temporal patterns;highly random content demands;k-Nearest Neighbour classification algorithm;machine learning based small cell cache strategy;mobile traffic data;personalized intercluster cache;predictive intracluster cache;quality-of-experience;system backhaul load minimization problem;ultra dense networks;Base stations;Clustering algorithms;Indexes;Machine learning algorithms;Mobile communication;Mobile computing;UDN;backhaul load;cache-enabled SBSs;machine learning}, 
doi={10.1109/WCSP.2017.8170936}, 
ISSN={}, 
month={Oct},}