@misc{fstrings,
  author = {Eric V. Smith},
  title = {{PEP 498 -- Literal String Interpolation}},
  howpublished = "\url{https://www.python.org/dev/peps/pep-0498/}",
  year = {2015}, 
  note = "[Online; acessado em 18-Março-2019]"
}

@misc{kstest,
  title = {{scipy.stats.kstest}},
  howpublished = "\url{https://docs.scipy.org/doc/scipy-0.14.0/reference/generated/scipy.stats.kstest.html}",
  year = {2014}, 
  note = "[Online; acessado em 18-Março-2019]"
}

@misc{anderson,
  title = {{scipy.stats.anderson}},
  howpublished = "\url{https://docs.scipy.org/doc/scipy-0.14.0/reference/generated/scipy.stats.anderson.html}",
  year = {2014}, 
  note = "[Online; acessado em 18-Março-2019]"
}

@misc{power_divergence,
  title = {{scipy.stats.power\_divergence}},
  howpublished = "\url{https://docs.scipy.org/doc/scipy-0.14.0/reference/generated/scipy.stats.power_divergence.html}",
  year = {2014}, 
  note = "[Online; acessado em 18-Março-2019]"
}

@misc{movmean,
  title = {{movmean}},
  howpublished = "\url{https://www.mathworks.com/help/matlab/ref/movmean.html}",
  year = {2018}, 
  note = "[Online; acessado em 18-Março-2019]"
}

@misc{lstsq,
  title = {{lstsq}},
  howpublished = "\url{https://docs.scipy.org/doc/numpy/reference/generated/numpy.linalg.lstsq.html}",
  year = {2014}, 
  note = "[Online; acessado em 18-Março-2019]"
}

@MASTERSTHESIS{master_Oya2005,
  AUTHOR =       {Oya Yilmaz},
  TITLE =        {Access Selection in Multi-Access Cellular and WLAN networks},
  SCHOOL =       {Royal Institute of Technology},
  YEAR =         {2005},
  month =        {February},
  address = {Sweden, Stockholm}
}

@ARTICLE{gamma-mixture,
  author = {S. Atapattu, C. Tellambura, and H. Jiang},
  title = {A Mixture Gamma Distribution to Model the SNR of Wireless Channels},
  journal = {IEEE Transactions on Wireless Communications },
  year = {2011},
  month = {Outubro},
}

@ARTICLE{nakagami,
  author = {M. Nakagami},
  title = {The m-Distribution—A General Formula of Intensity Distribution of Rapid Fading},
  journal = {Proceedings of a Symposium Held at the University of California, Los Angeles, June 18–20, 1958},
  year = {1960},
}

@ARTICLE{interference,
  author = {H. Elkotby, and M. Vu},
  title = {A probabilistic interference distribution model emcompassing cellular los and nlos mmwave propagation},
  journal = {2016 IEEE Global Conference on Signal and Information Processing},
  year = {2016},
  month = {Dezembro},
}

@ARTICLE{ART:XIAO2004,
  author = {Yang Xiao},
  title = {{IEEE} 802.11e: {QoS} provisioning at the {MAC} layer},
  journal = {IEEE Wireless Communications},
  year = {2004},
  volume = {},
  pages = {72-79},
  month = {\monthname[6]},
}
@Article{ART:MANGOLD2002,
author = {Stefan Mangold an Sunghyun Choi and Peter May and Ole Klein and Guido Hiertz and Lothar Stibor},
title = {IEEE 802.11e Wireless LAN for Quality of Service},
journal = {Proc. European Wireless '02},
year = {2002},
month = {\monthname[2]},
}

@TECHREPORT{TECHREQ:IEEESTD,
  author = {IEEE 802.11 WG.},
  title = {{IEEE} 802.11 {S}tandard},
  institution = {IEEE Computer Society},
  year = {1999},
  type = {Specific requirements},
}

@BOOK{BOOK:RAPPAPORT2002,
  title = {Wireless Communications - Principles and Practice},
  publisher = {Prentice Hall},
  year = {2002},
  author = {Theodore S. Rappaport},
  edition = {2},
}


@BOOK{BOOK_LAW2000,
  title = {Simulation modeling and analysis},
  publisher = {McGrawHill},
  year = {2000},
  author = {Averill M. Law and W. David Kelton},
  edition = {3},
}

  
@ARTICLE{ART_BIANCHI2000,
	author = {G. Bianchi},
	title = {Performance {A}nalysis of the {IEEE} 802.11 {D}istributed {C}oordination {F}unction},
	journal = {IEEE Journal on Selected Areas in Communicatins},
	year = {2000},
	volume = {18},
	number = {3},
	pages = {535 - 547},
	month = {\monthname[3]},
}


@TECHREPORT{IEEE_80211,
  author = {{IEEE}},
  title = {{IEEE} 802.11 {S}tandart: {W}ireless {LAN} {M}edium {A}ccess {C}ontrol {(MAC)} and {P}hysical {L}ayer {(PHY)} {S}pecifications},
  institution = {{IEEE}},
  year = {1999},
  type = {Standard},
  month = {\monthname[8]},
}


@TECHREPORT{IEEE_80211a,
  author = {{IEEE}},
  title = {Suplement to {IEEE} 802.11 {S}tandart: {W}ireless {LAN} {M}edium {A}ccess {C}ontrol {(MAC)} and {P}hysical {L}ayer {(PHY)} {S}pecifications: {H}igh-{S}peed {P}hysical {L}ayer {E}xtension in the 5{GH}z {B}and},
  institution = {{IEEE}},
  year = {1999},
  type = {Standard},
  month = {\monthname[9]},
}

@InProceedings{ART_ERGEN2000,
author = {M. Ergen and P. Varaiya},
title = {Throughput {A}nalysis and {A}dmission {C}ontrol  in {IEEE} 802.11a},
booktitle = {appear on ACM-Kluwer MONET Special Issue on WLAN Optimization at the MAC and Network Levels},
}

@TechReport{TECH_Staehle2000,
author = {D. Staehle, K. Leibnitz and P. Tran-Gia},
title = {Source {T}raffic {M}odeling of {W}ireless {A}pplications},
institution = {Universität {W}ürzburg, {I}nstitut für {I}nformatik},
year = {2000},
OPTtype = {Report},
OPTnumber = {261},
OPTaddress = {Am {H}ubland, 97074 {W}ürzburg},
OPTmonth = {\monthname[6]},
}

@MastersThesis{MASTER_ALZEN,
	author = {Peter Alzén},
	title = {Multi-{C}ell {P}erformance of {IEEE} 802.11a {W}ireless {LAN}s},
	school = {LULEA University of Technology},
	year = {2004},
	month = {\monthname[1]},
}

@ARTICLE{ART_KEENAN_1990,
  author = {J. M. Keenan and A. J. Motley},
  title = {Radio coverage in buildings},
  journal = {BR Telecom Journal},
  year = {1990},
  pages = {19-24},
  month = {\monthname[1]}
}

@BOOK{BOOK:LEMPIAINEN2001,
  title = {{R}adio {I}nterface {S}ystem {P}lanning for {GSM}/{GPRS}/{UMTS}},
  publisher = {Kluwer Academic Publishers},
  year = {2001},
  author = {Jukka Lempi{\"a}inen and Matti Manninen},
}