@BOOK{shadowing_book,
  title = {Fading and Shadowing in Wireless Systems},
  publisher = {Springer},
  year = {2017},
  author = {Shankar, P. M.},
}

@BOOK{mimo,
  title = {MIMO-OFDM Wireless Communications with MATLAB},
  publisher = {Wiley},
  year = {2010},
  author = {Yong Soo Cho, Jaekwon Kim, Won young Yang, Chung G. Kang},
  edition = {1},
}

@book{jakes,
 editor = {Jakes, William C. and Cox, Donald C.},
 title = {Microwave Mobile Communications},
 year = {1994},
 isbn = {0780310691},
 publisher = {Wiley-IEEE Press},
} 