@misc{fstrings,
  author = {Eric V. Smith},
  title = {{PEP 498 -- Literal String Interpolation}},
  howpublished = "\url{https://www.python.org/dev/peps/pep-0498/}",
  year = {2015}, 
  note = "[Online; acessado em 18-Março-2019]"
}

@ARTICLE{bandpass,
  author = {Rodney G. Vaughan, Neil L. Scott, and Rod White},
  title = {The Theory of Bandpass Sampling},
  journal = {IEEE Transactions of Signal Processing},
  year = {1991},
  month = {Setembro},
}

@ARTICLE{gans,
  author = {Michael J. Gans},
  title = {A Power-Spectral Theory of Propagation in the Mobile-Radio Environment},
  journal = {IEEE Transactions on Vehicular Technology},
  year = {1972},
  month = {Fevereiro},
}

@ARTICLE{clarke,
  author = {R. H. Clarke},
  title = {A Statistical Theory of Mobile‐Radio Reception},
  journal = {Bell Labs Technical Journal},
  year = {1968},
  month = {Julho-Agosto},
}