@BOOK{BOOK_Aarts1989,
  title = {Simulated Annealing and Boltzmann Machines},
  publisher = {John Wiley and Sons},
  year = {1989},
  author = {E.H.L. Aarts and J.H.M. Korst},
}

@BOOK{BOOK_Basar1999,
  title = {Dynamic Noncooperative Game Theory},
  publisher = {Academic Press Inc.},
  year = {1999},
  author = {Tamer Basar},
  edition = {2},
}

@BOOK{BOOK_BLOGH2002,
  title = {Third generation systems and intelligent wireless networking},
  publisher = {John Wiley \& Sons},
  year = {2002},
  author = {Jonathan Blogh and Lajos Hanzo},
  edition = {1},
}

@BOOK{BOOK_CHEN2004,
  title = {{IP}-based next-generation wireless networks: systems, architectures and protocols},
  publisher = {John Wiley \& Sons},
  year = {2004},
  author = {Jyh-Cheng Chen and Tao Zhang},
  address = {USA},
  edition = {1},
}

@BOOK{BOOK_Davis1991,
  title = {Handbook of Genetic Algorithms},
  publisher = {Van Nostrand Reinhold},
  year = {1991},
  author = {L. Davis},
}

@BOOK{BOOK_DILLINGER2003,
  title = {{S}oftware {D}efined {R}adio: {A}rchitectures, {S}ystems and {F}unctions},
  publisher = {John Wiley \& Sons},
  year = {2003},
  author = {Markus Dillinger and Kambiz Madani and Nancy Alonistioti},
  series = {Wiley Series in Software Radio},
  month = {\monthname[6]},
}

@BOOK{BOOK_Dixit2002,
  title = {Providing Differentiated and Integrated Services for {IP} Applications over {UMTS} Access Networks},
  publisher = {Wireless IP and Building the mobile internet},
  year = {2002},
  author = {S. Dixit and R. Prasad and G. Fodor and B. Olin and F. Persson and C. Roobol and B. Williams},
}

@BOOK{BOOK_ECKEL1999a,
  title = {Thinking in C++},
  publisher = {Waite Group Press},
  year = {1999},
  author = {Bruce Eckel},
  volume = {1},
  edition = {2},
}

@BOOK{BOOK_ECKEL1999b,
  title = {Thinking in C++},
  publisher = {Waite Group Press},
  year = {1999},
  author = {Bruce Eckel},
  volume = {2},
  edition = {2},
}

@BOOK{BOOK_FREEMAN1999,
  title = {Fundamentals of telecommunications},
  publisher = {John Wiley and Sons},
  year = {1999},
  author = {Roger L. Freeman},
  edition = {1},
  month = {\monthname[2]},
}

@BOOK{BOOK_Garey1979,
  title = {Computers and Intractability: a guide to the theory of {NP}-completeness},
  publisher = {W. H. Freeman and Company},
  year = {1979},
  author = {M. R. Garey and D. S. Johnson},
}

@BOOK{BOOK_Glover1995,
  title = {Modern Heuristic Techniques for Combinatorial Problems},
  publisher = {McGrawHill Book Co.},
  year = {1995},
  author = {F. Glover and M. Laguna},
}

@BOOK{BOOK_Goldberg1989,
  title = {Genetic algorithms in search, optimization and machine learning},
  publisher = {Addison-Wesley},
  year = {1989},
  author = {D. E. Golberg},
}

@BOOK{BOOK_HALONEN2002,
  title = {{GSM}, {GPRS} and {EDGE} performance - evolution towards {3G/UMTS}},
  publisher = {John Wiley and Sons},
  year = {2002},
  author = {Timo Halonen and Javier Romero and Juan Melero},
  edition = {1},
}

@BOOK{BOOK_HAYKIN2002,
  title = {Adaptive Filter Theory},
  publisher = {Prentice Hall},
  year = {2002},
  author = {Simon Haykin},
  edition = {4},
}

@BOOK{BOOK_HOLMA2002,
  title = {{WCDMA} for {UMTS}: radio access for third generation mobile communications},
  publisher = {John Wiley \& Sons, Ltd},
  year = {2002},
  author = {Harri Holma and Antti Toskala},
  edition = {2},
  month = {\monthname[9]},
}

@BOOK{BOOK_HOLMA2004,
  title = {{WCDMA} for {UMTS}: radio access for third generation mobile communications},
  publisher = {John Wiley \& Sons, Ltd},
  year = {2004},
  author = {Harri Holma and Antti Toskala},
  edition = {3}
}

@BOOK{BOOK_Horowitz1984,
  title = {Fundamentals of Computer Algorithms},
  publisher = {Computer Science Press},
  year = {1984},
  author = {E. Horowitz and S. Sahni},
}

@BOOK{BOOK_JAKES1974,
  title = {Microwave mobile communications},
  publisher = {John Wiley and Sons},
  year = {1974},
  author = {William C. Jakes},
  address = {New York},
}

@BOOK{BOOK_JANEVSKI2003,
  title = {Traffic analysis and design of wireless {IP} networks},
  publisher = {Artech House Publishers},
  year = {2003},
  author = {Toni Janevski},
  series = {Mobile communications series},
  edition = {1},
}

@BOOK{BOOK_JERUCHIM2000,
  title = {Simulation of communication systems: modeling, methodology and techniques},
  publisher = {Plenum Publishing Corporation},
  year = {2000},
  editor = {Kluwer Academic / Plenum Publishers},
  author = {Michel C. Jeruchim and Philip Balaban and K. Sam Shanmugan},
  edition = {2},
}

@BOOK{BOOK_LAIHO2002,
  title = {Radio Network Planning and Optimisation for UMTS},
  publisher = {John Wiley and Sons},
  year = {2002},
  author = {Jaana Laiho and Achim Wacker and Tomas Novosad},
  edition = {1},
  month = {\monthname[1]},
}

@BOOK{BOOK_LEMPIAINEN2001,
  title = {{R}adio {I}nterface {S}ystem {P}lanning for {GSM}/{GPRS}/{UMTS}},
  publisher = {Kluwer Academic Publishers},
  year = {2001},
  author = {Jukka Lempi√§inen and Matti Manninen},
}

@BOOK{BOOK_LIBERTI1999,
  title = {Smart Antennas for Wireless Communications: {IS-95} and Third Generation {CDMA} Applications},
  publisher = {Prentice Hall PTR},
  year = {1999},
  author = {Joseph Liberti and Theodore S. Rappaport},
  edition = {1},
}

@BOOK{BOOK_LLOYD2002,
  title = {{QoS} in integrated {3G} networks},
  publisher = {Artech House Publishers},
  year = {2002},
  author = {Robert Lloyd-Evans},
  series = {Mobile communications series},
  edition = {1},
}

@BOOK{BOOK_MEYER2001,
  title = {Matrix Analysis and Applied Linear Algebra},
  publisher = {Society for Industrial and Applied Mathematics},
  year = {2001},
  author = {Carl D. Meyer},
  edition = {1},
  month = {\monthname[2]},
}

@BOOK{BOOK_Von1953,
  title = {Theory of games and economic behavior},
  publisher = {Princeton University Press},
  year = {1953},
  author = {J. von Neumann and O. Morgenstern},
  edition = {3},
}

@BOOK{BOOK_PANDYA1999,
  title = {Mobile and personal communication services and systems},
  publisher = {John Wiley \& Sons and IEEE Press},
  year = {1999},
  author = {Raj Pandya},
  series = {IEEE Series on Mobile and Digital Communications},
  edition = {1},
  month = {\monthname[10]},
}

@BOOK{BOOK_PAPOULIS1991,
  title = {Probability, Random Variables, and Stochastic Processes},
  publisher = {McGraw Hill},
  year = {1991},
  author = {Athanasios Papoulis},
  edition = {3},
}

@BOOK{BOOK_PRASAD2003,
  title = {{WLANs} and {WPANs} towards {4G} Wireless},
  publisher = {Artech House Publishers},
  year = {2003},
  author = {Ramjee Prasad and Luis Munoz},
  series = {Universal personal communications series},
  edition = {1},
}

@BOOK{BOOK_PRATA1998,
  title = {C++ Primer Plus},
  publisher = {Waite Group Press},
  year = {1998},
  author = {Stephen Prata},
  edition = {3},
}

@BOOK{BOOK_PRESS2002,
  title = {Numerical recipes in {C}: the art of scientific computing},
  publisher = {Press Syndicate of the University of Cambridge},
  year = {2002},
  author = {William H. Press and William T. Vetterling and Saul A. Teukolsky and Brian P. Flannery},
  edition = {2},
}

@BOOK{BOOK_PROAKIS2001,
  title = {{D}igital {C}ommunications},
  publisher = {McGraw-Hill},
  year = {2001},
  author = {John G. Proakis},
  series = {Electrical Engineering Series},
  edition = {4},
}

@BOOK{BOOK_RAPPAPORT2002,
  title = {{W}ireless {C}ommunications: {P}rinciples and {P}ractice},
  publisher = {Prentice Hall PTR},
  year = {2002},
  author = {Theodore S. Rappaport},
  series = {Prentice Hall Communications Engineering and Emerging Technologies Series},
  edition = {2},
}

@BOOK{BOOK_RAPPAPORT1999,
  title = {{W}ireless {C}ommunications: {P}rinciples and {P}ractice},
  publisher = {Prentice Hall},
  year = {1999},
  author = {Theodore S. Rappaport},
  series = {Prentice Hall Communications Engineering and Emerging Technologies Series},
  edition = {1},
  month = {\monthname[7]},
}

@BOOK{BOOK_Sait1999,
  title = {Iterative Computer Algorithms with Applications in Engineering - Solving Combinatorial Optimization Problems},
  publisher = {IEEE Computer Society},
  year = {1999},
  author = {Sadiq M. Sait and Habbit Youssef},
}

@BOOK{BOOK_IEEE2002,
  title = {A brief history of communications},
  publisher = {IEEE Press},
  year = {2002},
  author = {IEEE Communications Society},
  edition = {1},
}

@BOOK{BOOK_kyriazakos2004,
  title = {Practical Radio Resource Management in Wireless Systems},
  publisher = {Artech House Publishers},
  year = {2004},
  author = {Sofoklis A. Kyriazakos, George T. Karetsos},
  series = {Universal Personal Communications Series},
  edition = {1},
  month = {\monthname[4]},
}

@BOOK{BOOK_STEVENS1994,
  title = {{TCP/IP} illustrated: the protocols},
  publisher = {Addison-Wesley},
  year = {1994},
  author = {W. Richard Stevens},
  volume = {1},
  series = {Professional Computing Series},
  edition = {1},
}

@BOOK{BOOK_STUCKMANN2003,
  title = {The {GSM} evolution: mobile packet data services},
  publisher = {John Wiley and Sons},
  year = {2003},
  author = {Peter Stuckmann},
  edition = {1},
}

@BOOK{BOOK_TANENBAUM2002,
  title = {Computer networks},
  publisher = {Prentice Hall},
  year = {2002},
  author = {Andrew S. Tanenbaum},
  edition = {4},
  month = {\monthname[8]},
}

@BOOK{BOOK_ZANDER2001,
  title = {Radio Resource Management for Wireless Networks},
  publisher = {Artech House Plublishers},
  year = {2001},
  author = {Jens Zander and Seong-Lyun Kim and Magnus Almgren and Olav Queseth },
  series = {Mobile Communications Series},
  address = {London},
}

@BOOK{BOOK_ZVONAR2000,
  title = {{GSM}: Evolution Towards 3rd Generation Systems},
  publisher = {Kluwer Academic Plublishers},
  year = {2000},
  author = {Zoran Zvonar and Peter Jung and Karl Kammerlander},
  edition = {1},
  month = {\monthname[4]},
}
